@inproceedings{lin-etal-2022-truthfulqa,
    title = "{T}ruthful{QA}: Measuring How Models Mimic Human Falsehoods",
    author = "Lin, Stephanie  and
      Hilton, Jacob  and
      Evans, Owain",
    booktitle = "Proceedings of ACL",
    month = may,
    year = "2022",
    address = "Dublin, Ireland",
    url = "https://aclanthology.org/2022.acl-long.229",
    doi = "10.18653/v1/2022.acl-long.229",
    pages = "3214--3252"
}

@article{kwiatkowski-etal-2019-natural,
    title = "Natural Questions: A Benchmark for Question Answering Research",
    author = "Kwiatkowski, Tom  and
      Palomaki, Jennimaria  and
      Redfield, Olivia  and
      Collins, Michael  and
      Parikh, Ankur  and
      Alberti, Chris  and
      Epstein, Danielle  and
      Polosukhin, Illia  and
      Devlin, Jacob  and
      Lee, Kenton  and
      Toutanova, Kristina  and
      Jones, Llion  and
      Kelcey, Matthew  and
      Chang, Ming-Wei  and
      Dai, Andrew M.  and
      Uszkoreit, Jakob  and
      Le, Quoc  and
      Petrov, Slav",
    journal = "Transactions of the Association for Computational Linguistics (TACL)",
    volume = "7",
    year = "2019",
    address = "Cambridge, MA",
    publisher = "MIT Press",
    url = "https://aclanthology.org/Q19-1026",
    doi = "10.1162/tacl_a_00276",
    pages = "452--466",
}

@inproceedings{joshi-etal-2017-triviaqa,
    title = "{T}rivia{QA}: A Large Scale Distantly Supervised Challenge Dataset for Reading Comprehension",
    author = "Joshi, Mandar  and
      Choi, Eunsol  and
      Weld, Daniel  and
      Zettlemoyer, Luke",
    booktitle = "Proceedings of ACL",
    month = jul,
    year = "2017",
    address = "Vancouver, Canada",
    url = "https://aclanthology.org/P17-1147",
    doi = "10.18653/v1/P17-1147",
    pages = "1601--1611",
}